Untuk setiap referensi, baris pertama (newton1687) merupakan label dan baris-baris berikutnya
merupakan atribut dari referensi yang akan digunakan. Umumnya, format referensi berikut sudah
disediakan oleh penyedia sumber referensi secara online dan bisa langsung ditaruh di sini.

Lihat https://www.bibtex.com/g/bibtex-format/ untuk informasi lebih lanjut mengenai format
BibTex yang digunakan pada file ini.

@article{Malik2023,
  author = {{Malik}, N. and Wei, Y. "Max" and Appel, G. and Luo, L.},
  journal = {International Journal of Research in Marketing},
  title = {Blockchain technology for creative industries: Current state and research opportunities},
  year = {2023}
}

@article{Zheng2020,
  author={{Zheng}, Z. and Xie, S. and Dai, H.-N. and Chen, W. and hen, X. and Weng, J. and Imran, M.},
  journal={An overview on smart contracts: Challenges, advances and platforms. Future Generation Computer Systems},
  title={An overview on smart contracts: Challenges, advances and platforms. Future Generation Computer Systems},
  year={2020}}

@article{Wang2021,
  author={{Wang}, Q. and Li, R. and Wang, Q. and Chen, S.},
  journal={NFT's},
  title={Non-Fungible Token (NFT): Overview, Evaluation, Opportunities and Challenges.},
  year={2021}}

@article{Gadekallu2022,
  author={{Gadekallu}, T. R. and Huynh-The, T. and Wang, W. and Yenduri, G. and Ranaweera, P. and Pham, Q.-V. and da Costa, D. B. and Liyanage, M.},
  journal={Blockchain},
  title={Blockchain for the Metaverse: A Review},
  year={2022}}

@article{Chohan2022,
  author={{Chohan}, Usman W},
  journal={Web3.0},
  title={Web 3.0: The Future Architecture of the Internet?.},
  year={2022}}

@article{Khan2021,
  author={Khan, S. N. and Loukil, F. and Ghedira-Guegan, C. and Benkhelifa, E., and Bani-Hani, A.},
  journal={Blockchain smart contracts: Applications, challenges, and future trends.},
  title={Blockchain smart contracts: Applications, challenges, and future trends.},
  year={2023}}

@article{Tjokrosetio22,
    author = {Tjokrosetio, D.},
    title = {The complete guide to blockchain.},
    journal = {Tempo Publishing},
    year = {2022}}

@article{Steichen18,
    author = {{Steichen}, M., and Fiz, B., and Norvill, R., and Shbair, W., and State, R.},
    title = {Blockchain-Based, Decentralized Access Control for IPFS},
    journal = {2018 IEEE International Conference on Internet of Things (iThings) and IEEE Green Computing and Communications (GreenCom) and IEEE Cy-ber, Physical and Social Computing (CPSCom) and IEEE Smart Data (SmartData)},
    year = {2018}
}

@article{Freni2022,
    author = {{Freni}, P., and Ferro, E., and Moncada, R.},
    title = {Tokenomics and blockchain tokens: A design-oriented morphological framework.},
    journal = {Blockchain: Research and Applications},
    year = {2022}
}

@article{Dannen2017,
    author = {Dannen, C.},
    title = {Introducing Ethereum and Solidity},
    journal = {Foundations of Cryptocurrency and Blockchain Programming for Beginners},
    year = {2017}
}

@article{Antonopoulos2018,
    author = {Antonopoulos, A., and Wood, G., and Wood, G.},
    title = {Mastering ethereum: Building smart contracts and dapps.} ,
    journal = {Oâ€™Reilly Media, Incorporated.},
    year = {2018}
}

@misc{cetakbiruspacex,
  title   = {Cetak Biru Space X},
  url     = {https://id.pinterest.com/pin/344032859037191430/},
  urldate = {2021-05-18},
  year    = {2021}
}
